<?xml version="1.0" encoding="UTF-8"?><collection xmlns="http://www.loc.gov/MARC21/slim"><record><leader>00427nam--2200133-i-4500</leader><controlfield tag="001">000030374</controlfield><controlfield tag="002">20161230</controlfield><controlfield tag="005">20161230201038</controlfield><controlfield tag="008">060222s1000------------r-----000-0-eng-d</controlfield><datafield ind1=" " ind2=" " tag="080"><subfield code="a">621.382</subfield></datafield><datafield ind1=" " ind2=" " tag="100"><subfield code="a">Lilen, H</subfield></datafield><datafield ind1=" " ind2=" " tag="245"><subfield code="a">Principes et applications des circuits lineaires.tehnologie, principes et fonctionement des circuits integres lineaires.schemas d`utilisation</subfield></datafield><datafield ind1=" " ind2=" " tag="260"><subfield code="a">Paris, Edition Radio, 1968. 432p</subfield></datafield><datafield ind1=" " ind2=" " tag="852"><subfield code="a">33952</subfield></datafield></record></collection>